@article{Yaoetal2018,
	author = {Yao, Yuling and Vehtari, Aki and Simpson, Daniel and Gelman, Andrew},
	copyright = {Copyright},
	issn = {1936-0975},
	journal = {Bayesian Analysis},
	keywords = {Computer Science ; Mathematics},
	language = {eng},
	number = {3},
	pages = {917-1003},
	publisher = {International Society for Bayesian Analysis},
	title = {{Using Stacking to Average Bayesian Predictive Distributions (with Discussion)}},
	volume = {13},
	year = {2018},
}



@article{RafteryMadiganHoeting1997,
	author = {Raftery, Adrian E. and Madigan, David and Hoeting, Jennifer A.},
	address = {Alexandria, VA},
	copyright = {Copyright Taylor & Francis Group, LLC 1997},
	issn = {0162-1459},
	journal = {Journal of the American Statistical Association},
	language = {eng},
	number = {437},
	pages = {179-191},
	publisher = {Taylor & Francis Group},
	title = {{Bayesian Model Averaging for Linear Regression Models}},
	volume = {92},
	year = {1997},
}

@incollection{ClydeIversen2013,
  title = {Bayesian model averaging in the M-open framework},
  year = {2013},
  author = {Clyde, Merlise and Iversen, Edwin S},
  address = {Oxford},
  booktitle = {Bayesian Theory and Applications},
  isbn = {0199695601},
  language = {eng},
  publisher = {Oxford University Press},
}


@article{LeClarke2017,
  title = {A Bayes Interpretation of Stacking for M-Complete and M-Open Settings},
  volume = {12},
  year = {2017},
  journal = {Bayesian analysis},
  author = {Le, Tri and Clarke, Bertrand},
  issn = {1936-0975},
  number = {3},
  pages = {807-829},
  language = {eng},
}