@article{gs,
  title={Categorical reparameterization with gumbel-softmax},
  author={Jang, Eric and Gu, Shixiang and Poole, Ben},
  journal={arXiv preprint arXiv:1611.01144},
  year={2016}
}

@misc{stan,
  title = {Stan User Manual - Latent Discrete Parameters},
  howpublished = {\url{https://mc-stan.org/docs/stan-users-guide/latent-discrete.html}},
  year = {2023}
}

@misc{stanmissing,
  title = {Stan User Manual - Missing Data},
  howpublished = {\url{https://mc-stan.org/docs/stan-users-guide/missing-data-and-partially-known-parameters.html}},
  year = {2023}
}

@article{betancourt,
  title={A conceptual introduction to Hamiltonian Monte Carlo},
  author={Betancourt, Michael},
  journal={arXiv preprint arXiv:1701.02434},
  year={2017}
}

@book{bda,
  title={Bayesian data analysis},
  author={Gelman, Andrew and Carlin, John B and Stern, Hal S and Dunson, David B and Vehtari, Aki and Rubin, Donald B},
  year={2013},
  publisher={CRC press}
}

@book{gumbel,
  title={Statistical theory of extreme values and some practical applications: a series of lectures},
  author={Gumbel, Emil Julius},
  volume={33},
  year={1948},
  publisher={US Government Printing Office}
}

@article{gumbelcat,
  title={A* sampling},
  author={Maddison, Chris J and Tarlow, Daniel and Minka, Tom},
  journal={Advances in neural information processing systems},
  volume={27},
  year={2014}
}